@article{floating_point_goldberg,
 title={What every computer scientist should know about floating-point arithmetic},
 volume={23},
 DOI={10.1145/103162.103163},
 number={1},
 journal={ACM Computing Surveys},
 author={Goldberg, David},
 year={1991},
 pages={5-48}}

@book{astar_2009,
 place={Upper Saddle River,
 NJ},
 edition={3},
 title={Artificial intelligence: A modern approach},
 ISBN={9780136042594},
 publisher={Pearson},
 author={Russell, Stuart and Norvig, Peter}, year={2009} }

@article{choi_2020, 
title={An Autonomous Human Following Caddie Robot with High-Level
Driving Functions}, volume={9}, ISSN={2079-9292},
url={http://dx.doi.org/10.3390/electronics9091516},
DOI={10.3390/electronics9091516}, number={9}, journal={Electronics},
publisher={MDPI AG}, author={Choi, Jung Hyun and Samuel, Kangwagye and Nam,
Kanghyun and Oh, Sehoon}, year={2020}, month={Sep}, pages={1516}}

@misc{golf_2022,
title={New Stewart Golf X10 Follow},
url={https://www.stewartgolf.co.uk/products/x10-follow?variant=39277750485103},
journal={Stewart Golf},
author={Golf, {Stewart}},
year={2022}}

@misc{emg49data,
 howpublished={\url{https://www.robot-electronics.co.uk/htm/emg49.htm}},
 journal={Robot-electronics.co.uk},
 title={{EMG}49 {M}otor {D}ata},
 year={2022}}

@misc{md49data,
 howpublished={\url{https://www.robot-electronics.co.uk/htm/md49tech.htm}},
 journal={Robot-electronics.co.uk},
 title={{MD}49 {M}otor {C}ontroller {D}ata},
 year={2022}}

 @misc{stepper_driver,
  howpublished={\url{https://www.pololu.com/file/0J450/a4988_DMOS_microstepping_driver_with_translator.pdf}},
  journal={Pololu.com},
  year={2022}}

  @misc{neo_gps,
   url={https://lastminuteengineers.com/neo6m-gps-arduino-tutorial/},
   journal={Last Minute Engineers},
   year={2022}}

@misc{raspi,
 title={Raspberry Pi 4 Model B specifications â€“ Raspberry Pi},
 url={https://www.raspberrypi.com/products/raspberry-pi-4-model-b/specifications/},
 journal={Raspberry Pi},
 author={Ltd, Raspberry},
 year={2022}}

 @misc{golf_charts,
   author       = {Simon Lawrence},
   howpublished = {\url{https://golfguidebook.com/7-golf-club-distance-charts/}},
   title        = {{G}olf {C}lub {D}istance {C}harts},
   year         = {2022}
 }
 

@incollection{wind_dist,
title = {Wind Power},
editor = {PETER AUER},
booktitle = {Advances in Energy Systems and Technology},
publisher = {Academic Press},
pages = {1-124},
year = {1978},
isbn = {978-0-12-014901-8},
doi = {https://doi.org/10.1016/B978-0-12-014901-8.50005-X},
url = {https://www.sciencedirect.com/science/article/pii/B978012014901850005X},
author = {D.G. Shepherd}
}

@misc{analytics,
 title={Sports Analytics Market - Growth, Trends, COVID-19 Impact, and Forecasts (2021 - 2026)},
 howpublished={\url{https://www.researchandmarkets.com/reports/4703456/sports-analytics-market-growth-trends-covid}},
 journal={Researchandmarkets.com},
 author={ltd, Research},
 year={2022}}

 @misc{classvsreg,
  title={Difference Between Classification and Regression in Machine Learning},
  howpublished={\url{https://machinelearningmastery.com/classification-versus-regression-in-machine-learning/}},
  journal={Machine Learning Mastery},
  author={Brownlee, Jason},
  year={2017}}

@misc{labeled_data,
url={https://www.techopedia.com/definition/33695/labeled-data},
journal={Techopedia.com},
 year={2020}}

@misc{seldon,
 url={https://www.seldon.io/supervised-vs-unsupervised-learning-explained},
 journal={Seldon},
 title={{S}upervised vs {U}nsupervised {L}earning}
 year={2021}}

 @misc{scikit,
   author       = {SciKit Learn},
      howpublished = {\url{https://scikit-learn.org/stable/modules/model_evaluation.html#r2-score}},
   title        = {{S}ci{K}it {L}earn {D}ocumentation},
   year         = {2022}
 }

 @misc{google_docs,
   author       = {Google},
   howpublished = {\url{https://developers.google.com/maps/documentation/elevation/start}},
   title        = {{G}oogle {M}aps {E}levation {D}ocumentation},
   year         = {2022}
 }